@article{ahuja1988network,
  title={Network flows},
  author={Ahuja, Ravindra K and Magnanti, Thomas L and Orlin, James B},
  year={1988},
  publisher={Cambridge, Mass.: Alfred P. Sloan School of Management, Massachusetts~…}
}

@article{ahuja1994improved,
  title={Improved algorithms for bipartite network flow},
  author={Ahuja, Ravindra K and Orlin, James B and Stein, Clifford and Tarjan, Robert E},
  journal={SIAM Journal on Computing},
  volume={23},
  number={5},
  pages={906--933},
  year={1994},
  publisher={SIAM}
}

@inproceedings{aziz2014computational,
  title={Computational aspects of multi-winner approval voting},
  author={Aziz, Haris and Gaspers, Serge and Gudmundsson, Joachim and Mackenzie, Simon and Mattei, Nicholas and Walsh, Toby},
  booktitle={Workshops at the Twenty-Eighth AAAI Conference on Artificial Intelligence},
  year={2014}
}

@article{aziz2017justified,
  title={Justified representation in approval-based committee voting},
  author={Aziz, Haris and Brill, Markus and Conitzer, Vincent and Elkind, Edith and Freeman, Rupert and Walsh, Toby},
  journal={Social Choice and Welfare},
  volume={48},
  number={2},
  pages={461--485},
  year={2017},
  publisher={Springer}
}



@inproceedings{aziz2018complexity,
  title={On the complexity of extended and proportional justified representation},
  author={Aziz, Haris and Elkind, Edith and Huang, Shenwei and Lackner, Martin and S{\'a}nchez-Fern{\'a}ndez, Luis and Skowron, Piotr},
  booktitle={Thirty-Second AAAI Conference on Artificial Intelligence},
  year={2018}
}

@article{beck2018governance,
  title={Governance in the blockchain economy: A framework and research agenda},
  author={Beck, Roman and M{\"u}ller-Bloch, Christoph and King, John Leslie},
  journal={Journal of the Association for Information Systems},
  volume={19},
  number={10},
  pages={1},
  year={2018}
}

@inproceedings{brill2017phragmen,
  title={Phragm{\'e}n’s voting methods and justified representation},
  author={Brill, Markus and Freeman, Rupert and Janson, Svante and Lackner, Martin},
  booktitle={Thirty-First AAAI Conference on Artificial Intelligence},
  year={2017}
}

@inproceedings{brunjes2020reward,
  title={Reward sharing schemes for stake pools},
  author={Br{\"u}njes, Lars and Kiayias, Aggelos and Koutsoupias, Elias and Stouka, Aikaterini-Panagiota},
  booktitle={2020 IEEE European Symposium on Security and Privacy (EuroS\&P)},
  pages={256--275},
  year={2020},
  organization={IEEE}
}

@article{burdges2020overview,
  title={Overview of {P}olkadot and its Design Considerations},
  author={Burdges, Jeff and Cevallos, Alfonso and Czaban, Peter and Habermeier, Rob and Hosseini, Syed and Lama, Fabio and Alper, Handan Kilinc and Luo, Ximin and Shirazi, Fatemeh and Stewart, Alistair and others},
  journal={arXiv preprint arXiv:2005.13456},
  year={2020}
}

@inproceedings{chauhan2018blockchain,
  title={Blockchain and scalability},
  author={Chauhan, Anamika and Malviya, Om Prakash and Verma, Madhav and Mor, Tejinder Singh},
  booktitle={2018 IEEE International Conference on Software Quality, Reliability and Security Companion (QRS-C)},
  pages={122--128},
  year={2018},
  organization={IEEE}
}

@misc{chong,
  author = {Chong, Nick},
  title = {Crypto Ratings Agency Downgrades EOS For Serious Centralization Problems},
  note = {\url{https://www.newsbtc.com/news/eos/crypto-ratings-agency-downgrades-eos-serious-centralization-problems/}, visited 2021-03-16}
}

@misc{decred,
  author = {Decred contributors},
  title = {Decred documentation -- overview},
  note = {\url{https://docs.decred.org/research/overview/}, visited 2021-03-16}
}

@inproceedings{douceur2002sybil,
  title={The {S}ybil attack},
  author={Douceur, John R},
  booktitle={International workshop on peer-to-peer systems},
  pages={251--260},
  year={2002},
  organization={Springer}
}

@article{gallo1989fast,
  title={A fast parametric maximum flow algorithm and applications},
  author={Gallo, Giorgio and Grigoriadis, Michael D and Tarjan, Robert E},
  journal={SIAM Journal on Computing},
  volume={18},
  number={1},
  pages={30--55},
  year={1989},
  publisher={SIAM}
}

@misc{garg,
  author = {Garg, Priyeshu},
  title = {EOS voting structure encourages centralization},
  note = {\url{https://cryptoslate.com/eos-voting-structure-encourages-centralization/}, visited 2021-03-12}
}

@inproceedings{gennaro2010non,
  title={Non-interactive verifiable computing: Outsourcing computation to untrusted workers},
  author={Gennaro, Rosario and Gentry, Craig and Parno, Bryan},
  booktitle={Annual Cryptology Conference},
  pages={465--482},
  year={2010},
  organization={Springer}
}

@article{goldberg1988new,
  title={A new approach to the maximum-flow problem},
  author={Goldberg, Andrew V and Tarjan, Robert E},
  journal={Journal of the ACM (JACM)},
  volume={35},
  number={4},
  pages={921--940},
  year={1988},
  publisher={ACM New York, NY, USA}
}

@misc{griggeos,
  author = {Grigg, Ian},
  title = {{EOS}-An Introduction},
  note = {\url{https://iang.org/papers/EOS_An_Introduction.pdf}, visited 2021-03-11}
}

@misc{hagerty,
  author = {Hagerty, Aarin},
  title = {On the history of {DPoS} governance},
  note = {Official {EOS} channel on {T}elegram, \url{https://gist.github.com/cc32d9/db582e349fc8e44aca9e339f23d7f7e8}, visited 2021-03-16}
}

@article{hochbaum1995strongly,
  title={About strongly polynomial time algorithms for quadratic optimization over submodular constraints},
  author={Hochbaum, Dorit S and Hong, Sung-Pil},
  journal={Mathematical programming},
  volume={69},
  number={1-3},
  pages={269--309},
  year={1995},
  publisher={Springer}
}

@article{janson2016phragmen,
  title={Phragm{\'e}n’s and {T}hiele’s election methods},
  author={Janson, Svante},
  journal={arXiv preprint arXiv:1611.08826},
  year={2016}
}

@book{johnson1979computers,
  title={Computers and intractability: A guide to the theory of {NP}-completeness},
  author={Garey, Michael R and Johnson, David S},
  volume={1},
  year={1979},
  publisher={WH Freeman San Francisco}
}

@inproceedings{kiayias2017ouroboros,
  title={Ouroboros: A provably secure proof-of-stake blockchain protocol},
  author={Kiayias, Aggelos and Russell, Alexander and David, Bernardo and Oliynykov, Roman},
  booktitle={Annual International Cryptology Conference},
  pages={357--388},
  year={2017},
  organization={Springer}
}

@article{lackner2020approval,
  title={Approval-Based Committee Voting: Axioms, Algorithms, and Applications},
  author={Lackner, Martin and Skowron, Piotr},
  journal={arXiv preprint arXiv:2007.01795},
  year={2020}
}

@article{maesa2020blockchain,
  title={Blockchain 3.0 applications survey},
  author={Maesa, Damiano Di Francesco and Mori, Paolo},
  journal={Journal of Parallel and Distributed Computing},
  volume={138},
  pages={99--114},
  year={2020},
  publisher={Elsevier}
}

@techreport{nakamoto2019bitcoin,
  title={Bitcoin: A peer-to-peer electronic cash system},
  author={Nakamoto, Satoshi},
  year={2008}
}

@article{pease1980reaching,
  title={Reaching agreement in the presence of faults},
  author={Pease, Marshall and Shostak, Robert and Lamport, Leslie},
  journal={Journal of the ACM (JACM)},
  volume={27},
  number={2},
  pages={228--234},
  year={1980},
  publisher={ACM New York, NY, USA}
}

@article{peters2019proportionality,
  title={Proportionality and the Limits of Welfarism},
  author={Peters, Dominik and Skowron, Piotr},
  journal={arXiv preprint arXiv:1911.11747},
  year={2019}
}

@book{phragmen1894methode,
  title={Sur une m{\'e}thode nouvelle pour r{\'e}aliser, dans les {\'e}lections, la repr{\'e}sentation proportionnelle des partis},
  author={Phragm{\'e}n, Edvard},
  year={1894}
}

@book{phragmen1895proportionella,
  title={Proportionella Val: en valteknisk studie},
  author={Phragm{\'e}n, Edvard},
  year={1895},
  publisher={H{\"o}kerberg}
}

@article{phragmen1896theorie,
  title={Sur la th{\'e}orie des {\'e}lections multiples},
  author={Phragm{\'e}n, Edvard},
  journal={{\"O}fversigt af Kongliga Vetenskaps-Akademiens F{\"o}rhandlingar},
  volume={53},
  pages={181--191},
  year={1896}
}

@article{phragmen1899till,
  title={Till fr{\aa}gan om en proportionell valmetod},
  author={Phragm{\'e}n, Edvard},
  journal={Statsvetenskaplig Tidskrift},
  volume={2},
  number={2},
  pages={297--305},
  year={1899}
}

@article{sanchez2016maximin,
  title={The Maximin Support Method: An Extension of the {D'H}ondt Method to Approval-Based Multiwinner Elections},
  author={S{\'a}nchez-Fern{\'a}ndez, Luis and Fern{\'a}ndez, Norberto and Fisteus, Jes{\'u}s A and Brill, Markus},
  journal={arXiv preprint arXiv:1609.05370},
  year={2016}
}

@inproceedings{sanchez2017proportional,
  title={Proportional justified representation},
  author={S{\'a}nchez-Fern{\'a}ndez, Luis and Elkind, Edith and Lackner, Martin and Fern{\'a}ndez, Norberto and Fisteus, Jes{\'u}s A and Val, Pablo Basanta and Skowron, Piotr},
  booktitle={Thirty-First AAAI Conference on Artificial Intelligence},
  year={2017}
}

@article{skowron2016finding,
  title={Finding a collective set of items: From proportional multirepresentation to group recommendation},
  author={Skowron, Piotr and Faliszewski, Piotr and Lang, Jerome},
  journal={Artificial Intelligence},
  volume={241},
  pages={191--216},
  year={2016},
  publisher={Elsevier}
}

@article{stifter2018agreement,
  title={Agreement with {Satoshi}--on the formalization of {Nakamoto} consensus},
  author={Stifter, Nicholas and Judmayer, Aljosha and Schindler, Philipp and Zamyatin, Alexei and Weippl, Edgar},
  year={2018},
	publisher={IACR Cryptology ePrint Archive}
}

@article{thiele1895om,
  title={Om flerfoldsvalg},
  author={Thiele, Thorvald N},
  journal={Oversigt over det Kongelige Danske Videnskabernes Selskabs Forhandlinger},
  volume={1895},
  pages={415--441},
  year={1895}
}

@article{wood2014ethereum,
  title={Ethereum: A secure decentralised generalised transaction ledger},
  author={Wood, Gavin and others},
  journal={Ethereum project yellow paper},
  volume={151},
  number={2014},
  pages={1--32},
  year={2014}
}

@article{wood2016polkadot,
  title={Polkadot: Vision for a heterogeneous multi-chain framework},
  author={Wood, Gavin},
  journal={White Paper},
  year={2016}
}

@article{zhou2020solutions,
  title={Solutions to scalability of blockchain: A survey},
  author={Zhou, Qiheng and Huang, Huawei and Zheng, Zibin and Bian, Jing},
  journal={IEEE Access},
  volume={8},
  pages={16440--16455},
  year={2020},
  publisher={IEEE}
}