


@inproceedings{Kiffer18,
 author = {Kiffer, Lucianna and Rajaraman, Rajmohan and shelat, abhi},
 title = {A Better Method to Analyze Blockchain Consistency},
 booktitle = {Proceedings of the 2018 ACM SIGSAC Conference on Computer and Communications Security},
 series = {CCS '18},
 year = {2018},
 isbn = {978-1-4503-5693-0},
 location = {Toronto, Canada},
 pages = {729--744},
 numpages = {16},
 url = {http://doi.acm.org/10.1145/3243734.3243814},
 doi = {10.1145/3243734.3243814},
 acmid = {3243814},
 publisher = {ACM},
 address = {New York, NY, USA},
 keywords = {blockchain, distributed consensus, security},
} 


@misc{WaterCarver,
    author = {Jiajun Xin and Pei Huang and Lei Chen and Xin Lai and Xiao Zhang and Wulu Li and Yongcan Wang},
    title = {WaterCarver: Anonymous Confidential Blockchain System based on Account Model},
    howpublished = {Cryptology ePrint Archive, Report 2019/1265},
    year = {2019},
    note = {\url{https://eprint.iacr.org/2019/1265}},
}

