

@misc{WaterCarver,
    author = {Jiajun Xin and Pei Huang and Lei Chen and Xin Lai and Xiao Zhang and Wulu Li and Yongcan Wang},
    title = {WaterCarver: Anonymous Confidential Blockchain System based on Account Model},
    howpublished = {Cryptology ePrint Archive, Report 2019/1265},
    year = {2019},
    note = {\url{https://eprint.iacr.org/2019/1265}},
}

